@Book{Foo,
	author = "John Doe",
	title = "How to Foo",
	year = 1970,
	isbn = "1234-5678",
	edition = "7th",
	publisher = "Publisher",
	address = "Ougadougou"
}
@Article{SupPeer,
	author = "Atul Saini",
	title = "Super-peer architectures for distributed computing",
	year = 1970,
	isbn = "1234-5678",
	edition = "7th",
	publisher = "Publisher",
	address = "Ougadougou"
}

@misc{BOINC,
  title = {BOINC clientâ€“server technology},
  howpublished = {\url{https://en.wikipedia.org/wiki/BOINC_client%E2%80%93server_technology}},
  note = {Accessed: 2015-07-05}
}
@misc{BitTor,
  title = {BitTorrent},
  howpublished = {https://en.wikipedia.org/wiki/BitTorrent},
  note = {Accessed: 2015-07-05}
}
@misc{Gnutella,
  title = {Gnutella},
  howpublished = {https://en.wikipedia.org/wiki/Gnutella},
  note = {Accessed: 2015-07-05}
}
@misc{MapRed,
  title = {MapReduce},
  howpublished = {https://en.wikipedia.org/wiki/MapReduce},
  note = {Accessed: 2015-07-05}
}
@misc{Hadoop,
  title = {Apache Hadoop},
  howpublished = {https://en.wikipedia.org/wiki/Apache_Hadoop},
  note = {Accessed: 2015-07-05}
}
